@STRING{sv="Springer"}
@STRING{lncs="LNCS"}

@article{latestabcjournal,
  author    = {Yehia {Abd Alrahman} and
               Rocco {De Nicola} and
               Michele Loreti},
  title     = {A calculus for collective-adaptive systems and its behavioural theory},
  journal   = {Inf. Comput.},
  volume    = {268},
  year      = {2019},
}


@InProceedings{fmmt20,
  author = 		  {Frittelli,Leonardo and Maldonado,Facundo and Melgratti,{C. Hern{\'{a}}n} and Emilio Tuosto},
  title = 		  {{A Choreography-Driven Approach to APIs: the OpenDXL Case Study}},
  OPTcrossref =  {},
  OPTkey = 		  {},
  booktitle = {{Proceedings of the International Conference of Coordination Models and Languages (COORDINATION)}},
  year = 	  {2020},
  OPTeditor = 	  {},
  OPTvolume = 	  {},
  OPTnumber = 	  {},
  series = 	  lncs,
  OPTpages = 	  {},
  month = 	  jun,
  OPTaddress =   {},
  OPTorganization = {},
  publisher = sv,
  note = 	  {To appear},
  OPTannote = 	  {}
}

@article{gale1962college,
  title={College admissions and the stability of marriage},
  author={Gale, David and Shapley, Lloyd S},
  journal={The American Mathematical Monthly},
  volume={69},
  number={1},
  pages={9--15},
  year={1962},
  publisher={JSTOR}
}

@inproceedings{de2017aerlang,
  title={{AErlang at Work}},
  author={{De Nicola}, Rocco and Duong, Tan and Inverso, Omar and Trubiani, Catia},
  title     = {AErlang at Work},
  booktitle={{Proceedings of the International Conference on Current Trends in Theory and Practice of Informatics (SOFSEM)}},
  pages={485--497},
  year={2017},
  organization=sv
}

@inproceedings{Coord2017,
  author    = {Rocco {De Nicola} and
               Tan Duong and
               Omar Inverso and
               Catia Trubiani},
  title     = {AErlang: Empowering Erlang with Attribute-Based Communication},
  booktitle = {{Proceedings of the International Conference of Coordination Models and Languages (COORDINATION)}},
  pages     = {21--39},
  year      = {2017}
}


@book{gr17,
  key = 	 {AA.VV.},
  title = 	 {{Behavioural Types: from Theory to Tools}},
  editor = 	 {Simon Gay and Antonio Ravara},
  publisher = 	 {River},
  year = 	 {2009},
  series = 	 {Automation, Control and Robotics},
  OPTkey = 	 {},
  OPTvolume = 	 {},
  OPTnumber = 	 {},
  OPTaddress = 	 {},
  OPTedition = 	 {},
  OPTnote = 	 {},
  OPTannote = 	 {}
}


@inproceedings{bcgmmt19,
  author    = {Roberto Bruni and
               Andrea Corradini and
               Fabio Gadducci and
               Hern{\'{a}}n C. Melgratti and
               Ugo Montanari and
               Emilio Tuosto},
  title     = {Data-Driven Choreographies {\`{a}} la Klaim},
  booktitle = {Models, Languages, and Tools for Concurrent and Distributed Programming},
  note = {Essays Dedicated to Rocco De Nicola on the Occasion of His 65th Birthday},
  pages     = {170--190},
  year      = {2019},
  series    = lncs,
  volume    = {11665},
  publisher = sv,
  optcrossref  = {DBLP:conf/birthday/2019denicola},
  opturl       = {https://doi.org/10.1007/978-3-030-21485-2\_11},
  optdoi       = {10.1007/978-3-030-21485-2\_11},
  opttimestamp = {Thu, 04 Jul 2019 14:12:17 +0200},
  optbiburl    = {https://dblp.org/rec/bib/conf/birthday/BruniCGMMT19},
  optbibsource = {dblp computer science bibliography, https://dblp.org}
}

@article{hlvccdmprt16,
  author    = {Hans H{\"{u}}ttel and
               Ivan Lanese and
               Vasco T. Vasconcelos and
               Lu{\'{\i}}s Caires and
               Marco Carbone and
               Pierre{-}Malo Deni{\'{e}}lou and
               Dimitris Mostrous and
               Luca Padovani and
               Ant{\'{o}}nio Ravara and
               Emilio Tuosto and
               Hugo Torres Vieira and
               Gianluigi Zavattaro},
  title     = {Foundations of Session Types and Behavioural Contracts},
  journal   = {{ACM} Comput. Surv.},
  volume    = {49},
  number    = {1},
  pages     = {3:1--3:36},
  year      = {2016}
}

@article{gt18,
  author    = {Emilio Tuosto and
               Roberto Guanciale},
  title     = {Semantics of global view of choreographies},
  journal   = {J. Log. Algebr. Meth. Program.},
  volume    = {95},
  pages     = {17--40},
  year      = {2018}
}

@inproceedings{gt16,
  author    = {Roberto Guanciale and
               Emilio Tuosto},
  title     = {An Abstract Semantics of the Global View of Choreographies},
  booktitle = {{Proceedings the Interaction and Concurrency Experience ({ICE})}},
  pages     = {67--82},
  year      = {2016},
  optcrossref  = {DBLP:journals/corr/BartolettiHKV16},
  url       = {https://doi.org/10.4204/EPTCS.223.5},
  optdoi       = {10.4204/EPTCS.223.5},
  opttimestamp = {Wed, 14 Jun 2017 20:37:22 +0200},
  optbiburl    = {http://dblp.org/rec/bib/journals/corr/GuancialeT16},
  optbibsource = {dblp computer science bibliography, http://dblp.org}
}

@inproceedings{alrahman2016power,
  title={On the power of attribute-based communication},
  author={{Abd Alrahman}, Yehia and {De Nicola}, Rocco and Loreti, Michele},
  booktitle={{Proceedings of the International Conference on Formal Techniques for Distributed Objects, Components, and Systems ({FORTE})}},
  pages={1--18},
  year={2016}
}

@Article{gs62,
  author = 		  {Gale,{D.} and Shapley,{L. S.} },
  title = 		  {College admissions and the stability of marriage},
  journal = 	  {The American Mathematical Monthly},
  year = 		  {1962},
  OPTkey = 		  {},
  volume = 	  {68},
  number = 	  {1},
  pages = 	  {9 -- 15},
  OPTmonth = 	  {},
  OPTnote = 	  {},
  OPTannote = 	  {}
}

@article{denicola2014formal,
  title={A formal approach to autonomic systems programming: The {SCEL} language},
  author={{De Nicola}, Rocco and Loreti, Michele and Pugliese, Rosario and Tiezzi, Francesco},
  journal={ACM Transactions on Autonomous and Adaptive Systems (TAAS)},
  volume={9},
  number={2},
  pages={7:1--7:29},
  year={2014},
  publisher={ACM}
}


@book{Agha:1986:AMC:7929,
 author = {Agha, Gul},
 title = {{Actors: A Model of Concurrent Computation in Distributed Systems}},
 year = {1986},
 isbn = {0-262-01092-5},
 publisher = {MIT Press}
}

@article{picalc,
  author    = {R.~Milner and
               J.~Parrow and
               D.~Walker},
  title     = {A {C}alculus of {M}obile {P}rocesses, {I} and {II}},
  journal   = {Information and Computation},
  volume    = {100},
  number    = {1},
  year      = {1992},
  pages     = {1--40},
  publisher = {Elsevier}
}

@article{prasad1991calculus,
  author    = {K. V. S. Prasad},
  title     = {A Calculus of Broadcasting Systems},
  journal   = {Science of Computer Programming},
  volume    = {25},
  number    = {2-3},
  pages     = {285--327},
  year      = {1995},
  publisher = {Elsevier}
}

@article{chjny19,
  author    = {David Castro and
               Raymond Hu and
               Sung{-}Shik Jongmans and
               Nicholas Ng and
               Nobuko Yoshida},
  title     = {Distributed programming using role-parametric session types in go:
               {Statically-typed} endpoint {APIs} for dynamically-instantiated communication
               structures},
  journal   = {{PACMPL}},
  volume    = {3},
  number    = {{POPL}},
  pages     = {29:1--29:30},
  year      = {2019},
  url       = {https://dl.acm.org/citation.cfm?id=3290342},
  timestamp = {Tue, 22 Jan 2019 15:27:56 +0100},
  biburl    = {https://dblp.org/rec/bib/journals/pacmpl/CastroHJNY19},
  bibsource = {dblp computer science bibliography, https://dblp.org}
}

@Article{CG89,
  author =       "Carriero,Nicholas and Gelernter,David",
  title =        "{Linda} in context",
  journal =      cacm,
  volume =       "32",
  number =       "4",
  pages =        "444--458",
  month =        {April},
  year =         "1989",
  coden =        "CACMA2",
  ISSN =         "0001-0782",
  bibdate =      "Thu May 30 09:41:10 MDT 1996",
  url =          "http://www.acm.org/pubs/toc/Abstracts/0001-0782/63337.html",
  abstract =     "How can a system that differs sharply from all
                 currently fashionable approaches score any kind of
                 success? Here's how.",
  acknowledgement = ack-nhfb,
  keywords =     "languages; performance",
  review =       "ACM CR 9005-0390",
  subject =      "{\bf D.3.2}: Software, PROGRAMMING LANGUAGES, Language
                 Classifications, Linda. {\bf D.1.3}: Software,
                 PROGRAMMING TECHNIQUES, Concurrent Programming. {\bf
                 D.3.3}: Software, PROGRAMMING LANGUAGES, Language
                 Constructs and Features.",
}
@inproceedings{bhty10,
        Author = {Laura Bocchi and Kohei Honda and Emilio Tuosto and Nobuko Yoshida},
        Booktitle = {{Proceedings of the International Conference on Concurrency Theory {(CONCUR)}}},
        Editor = {Paul Gastin and Fran\c{c}ois Laroussinie},
        Pages = {162--176},
        Publisher = sv,
        Series = lncs,
        Title = {A Theory of Design-by-Contract for Distributed Multiparty Interactions},
        Volume = {6269},
        Year = {2010}
}
@incollection{bocchi2013monitoring,
  title={Monitoring networks through multiparty session types},
  author={Bocchi, Laura and Chen, Tzu-Chun and Demangeon, Romain and Honda, Kohei and Yoshida, Nobuko},
  booktitle={Formal Techniques for Distributed Systems},
  pages={50--65},
  year={2013},
  publisher=sv
}

@article{neykova2017timed,
  title={Timed runtime monitoring for multiparty conversations},
  author={Neykova, Rumyana and Bocchi, Laura and Yoshida, Nobuko},
  journal={Formal Aspects of Computing},
  volume={29},
  number={5},
  pages={877--910},
  year={2017},
  publisher=sv
}

@inproceedings{fmt18,
  author    = {Adrian Francalanza and
               Claudio Antares Mezzina and
               Emilio Tuosto},
  title     = {Reversible Choreographies via Monitoring in Erlang},
  booktitle = {Proceedings of the International Federated Conference on Distributed Computing Techniques (DisCoTec)},
  series    = lncs,
  volume    = {10853},
  publisher = sv,
  pages     = {75--92},
  year      = {2018}
}

@inproceedings{DBLP:conf/wosp/BalsamoM05,
	Author = {Simonetta Balsamo and Moreno Marzolla},
	Booktitle = {{Proceedings of the International Workshop on Software and Performance (WOSP)}},
	Pages = {37--42},
	Title = {Performance evaluation of {UML} software architectures with multiclass Queueing Network models},
	Year = {2005}}

@article{DBLP:journals/pe/SmithLP10,
	Author = {Connie U. Smith and Catalina M. Llad{\'{o}} and Ram{\'{o}}n Puigjaner},
	Journal = {Perform. Eval.},
	Number = {7},
	Pages = {548--568},
	Timestamp = {Thu, 16 Sep 2010 09:55:51 +0200},
	Title = {Performance Model Interchange Format {(PMIF} 2): {A} comprehensive approach to Queueing Network Model interoperability},
	Volume = {67},
	Year = {2010}}

@BOOK{qnBook-Lazowska,
	author = {E. D. Lazowska and J. Zahorjan and G. {Scott Graham} and K. C. Sevcik},
	title = {Computer System Analysis Using Queueing Network Models},
	publisher = {Prentice-Hall, Inc., Englewood Cliffs},
	year = {1984}
}

@BOOK{qnBookKleinrock,
author = {Kleinrock, Leonard},
 title = {Theory, Volume 1, Queueing Systems},
 year = {1975},
 isbn = {0471491101},
 publisher = {Wiley-Interscience}
}

@article{DBLP:journals/scpe/SmithW00,
	author    = {Connie U. Smith and
	Lloyd G. Williams},
	title     = {Performance and Scalability of Distributed Software Architectures:
	An {SPE} Approach},
	journal   = {Scalable Computing: Practice and Experience},
	volume    = {3},
	number    = {4},
	year      = {2000}
}

@inproceedings{DBLP:conf/wosp/CasaleS11,
  author    = {Giuliano Casale and
               Giuseppe Serazzi},
  title     = {Quantitative system evaluation with Java modeling tools},
  booktitle = {{Proceedings of the International Conference on Performance
               Engineering (ICPE)}},
  pages     = {449--454},
  year      = {2011}
}


@inproceedings{ferscha2015collective,
  title={Collective adaptive systems},
  author={Ferscha, Alois},
  booktitle={{Proceedings of the International Joint Conference on Pervasive and Ubiquitous Computing and Symposium on Wearable Computers (UbiComp)}},
  pages={893--895},
  year={2015}
}


@article{DBLP:journals/scp/AlrahmanNL20,
  author    = {Yehia {Abd Alrahman} and
               Rocco {De Nicola} and
               Michele Loreti},
  title     = {Programming interactions in collective adaptive systems by relying on attribute-based communication},
  journal   = {Sci. Comput. Program.},
  volume    = {192},
  pages     = {102428},
  year      = {2020}
}

@inproceedings{DBLP:conf/sfm/LoretiH16,
  author    = {Michele Loreti and
               Jane Hillston},
  title     = {Modelling and Analysis of Collective Adaptive Systems with {CARMA} and its Tools},
  booktitle = {{Proceedings of the International School on Formal Methods for the Design of Computer, Communication and Software Systems ({SFM})}},
  pages     = {83--119},
  year      = {2016}
}

@article{DBLP:journals/tomacs/Aldini18,
  author    = {Alessandro Aldini},
  title     = {Design and Verification of Trusted Collective Adaptive Systems},
  journal   = {{ACM} Trans. Model. Comput. Simul.},
  volume    = {28},
  number    = {2},
  pages     = {9:1--9:27},
  year      = {2018}
  }
  
  @article{viroli2018engineering,
  title={Engineering resilient collective adaptive systems by self-stabilisation},
  author={Viroli, Mirko and Audrito, Giorgio and Beal, Jacob and Damiani, Ferruccio and Pianini, Danilo},
  journal={ACM Transactions on Modeling and Computer Simulation (TOMACS)},
  volume={28},
  number={2},
  pages={1--28},
  year={2018}
}

@inproceedings{DBLP:conf/sfm/VandinT16,
  author    = {Andrea Vandin and
               Mirco Tribastone},
  title     = {Quantitative Abstractions for Collective Adaptive Systems},
  booktitle = {{Proceedings of the International School on Formal Methods for the Design of Computer, Communication, and Software Systems ({SFM})}},
  pages     = {202--232},
  year      = {2016}
}

@article{nicola2014formal,
  title={A formal approach to autonomic systems programming: The SCEL language},
  author={{De Nicola}, Rocco and Loreti, Michele and Pugliese, Rosario and Tiezzi, Francesco},
  journal={ACM Transactions on Autonomous and Adaptive Systems (TAAS)},
  volume={9},
  number={2},
  pages={1--29},
  year={2014}
}

@incollection{casadei2018programming,
  title={Programming actor-based collective adaptive systems},
  author={Casadei, Roberto and Viroli, Mirko},
  booktitle={Programming with Actors},
  pages={94--122},
  year={2018},
  publisher={Springer}
}

@article{DBLP:journals/scp/NicolaDIT18,
  author    = {Rocco {De Nicola} and
               Tan Duong and
               Omar Inverso and
               Catia Trubiani},
  title     = {AErlang: Empowering Erlang with attribute-based communication},
  journal   = {Sci. Comput. Program.},
  volume    = {168},
  pages     = {71--93},
  year      = {2018}
}
